<?xml version="1.0" encoding="UTF-8"?><collection xmlns="http://www.loc.gov/MARC21/slim"><record><leader>00390nam--2200145-i-4500</leader><controlfield tag="001">000038723</controlfield><controlfield tag="002">20161230</controlfield><controlfield tag="005">20161230201041</controlfield><controlfield tag="008">060222s1000------------r-----000-0-eng-d</controlfield><datafield ind1=" " ind2=" " tag="080"><subfield code="a">536.7:539.125.523</subfield></datafield><datafield ind1=" " ind2=" " tag="100"><subfield code="a">Ribaric, Marjan</subfield></datafield><datafield ind1=" " ind2=" " tag="245"><subfield code="a">Thermodynamics of linear transport processes</subfield></datafield><datafield ind1=" " ind2=" " tag="260"><subfield code="a">Ljubljana, Inst.Jozef Stefan, 1975. Viii + 158 P</subfield></datafield><datafield ind1=" " ind2=" " tag="490"><subfield code="a">Dela Opera</subfield></datafield><datafield ind1=" " ind2=" " tag="852"><subfield code="a">43149</subfield></datafield></record></collection>